@book{womak:lean-thinking,
    author  = {James P. Womack, Daniel T. Jones},
    title   = {Lean Thinking, Second Editon},
    publisher = {Simon \& Schuster, Inc.},
    year    = {2010}
}

@online{site:agile-manifesto,
    title   = {Manifesto Agile},
    url     = {http://agilemanifesto.org/iso/it/}
}
